% ГОСТ Р 7.0.11-2011, Приложение Б, Книги

@book{Abramovich:1991:ru,
  author = {Абрамович, Г. Н.},
  title = {Прикладная газовая динамика},
  titleaddon = {yчебное руководство для втузов},
  edition = {5},
  parts = {2},
  part = {1},
  language = {russian},
  location = {М.},
  publisher = {Наука},
  year = {1976},
  pagetotal = {600},
  langid = {russian}
}


@book{Discetti:2017:en,
  author = {Discetti, Stefano and Ianiro, Andrea},
  title = {Experimental aerodynamics},
  language = {english},
  publisher = {CRC press},
  year = {2017},
  pagetotal = {485},
  langid = {english}
}


@book{Rossum:2001:ru,
  author = {Россум, Г. and Дрейк, Ф. Л. Дж. and Откидач, Д. С.},
  title = {Язык программирования Python},
  language = {russian},
  origlanguage = {english},
  location = {СПб.},
  publisher = {Невский Диалект},
  year = {2001},
  pagetotal = {454},
  langid = {russian}
}


@book{Stroustrup:2016:ru,
  author = {Страуструп, Бьярне},
  title = {Программирование: принципы и практика c использованием C++},
  language = {russian},
  origlanguage = {english},
  translator = {Красиков{a}, И.В.},
  edition = {2-e изд.},
  location = {М.},
  publisher = {ООО <<И.Д. Вильямс>>},
  year = {2016},
  pagetotal = {1328},
  isbn = {978-5-8459-1949-6},
  langid = {russian}
}

@book{Stroustrup:2014:en,
  author = {Stroustrup, Bjarne},
  title = {Programming: principles and practice using C++},
  language = {english},
  edition = {2},
  publisher = {Addison-Wesley},
  year = {2014},
  pagetotal = {1312},
  langid = {english}
}

@book{Stroustrup:2013:en,
  author = {Stroustrup, Bjarne},
  title = {The C++ programming language},
  language = {english},
  edition = {4},
  publisher = {Addison-Wesley},
  year = {2013},
  pagetotal = {1366},
  langid = {english}
}


@book{VolkovK:2014:ru,
  author = {Волков, К. Н. and Емельянов, В. Н. and Зазимко, В. А.},
  title = {Турбулентные струи --- статистические модели и моделирование крупных вихрей},
  language = {russian},
  location = {M.},
  publisher = {Физматлит},
  year = {2014},
  pagetotal = {360},
  langid = {russian}
}


@book{Zienkiewicz:2000:en,
  author = {Zienkiewicz, O. C. and Taylor, R. L.},
  title = {The Finite Element Method},
  language = {english},
  volume = {1: The Basis},
  edition = {5},
  publisher = {Butterworth-Heinemann},
  year = {2000},
  langid = {english}
}



% ГОСТ Р 7.0.11-2011, Приложение Б, Нормативные правовые акты



% ГОСТ Р 7.0.11-2011, Приложение Б, Стандарты

@book{Gost.7.0.53,
  title = {ГОСТ Р 7.0.53-2007 Система стандартов по информации, библиотечному и издательскому делу. Издания. Международный стандартный книжный номер. Использование и издательское оформление.},
  address = {М.},
  publisher = {Стандартинформ},
  year = {2007},
  numpages = {5},
  language = {russian}
}


@book{MPI,
  title = {MPI: A Message-Passing Interface Standard. Version 3.1},
  publisher = {Message Passing Interface Forum},
  year = {2015},
  numpages = {868},
  language = {english},
  url = {http://mpi-forum.org/docs},
  urldate = {09.10.2017},
  langid = {english}
}


@book{OpenACC,
  title = {OpenACC is a user-driven directive-based performance-portable parallel programming model designed for scientists and engineers. Version 2.5},
  publisher = {OpenACC-Standard.org},
  year = {2015},
  numpages = {118},
  language = {english},
  url = {https://www.openacc.org},
  urldate = {09.10.2017},
  langid = {english}
}


@book{OpenMP,
  title = {OpenMP Application Programming Interface. Version 4.5},
  publisher = {OpenMP Architecture Review Board},
  year = {2015},
  numpages = {368},
  language = {english},
  url = {http://www.openmp.org},
  urldate = {09.10.2017},
  langid = {english}
}



% ГОСТ Р 7.0.11-2011, Приложение Б, Депонированные научные работы



% ГОСТ Р 7.0.11-2011, Приложение Б, Диссертации

@phdthesis{Podaruev:2017,
  author = {Подаруев, Владимир Юрьевич},
  title = {Метод высокого порядка точности для расчёта на суперкомпьютере характеристик турбулентных струй, истекающих из сопл гражданских самолётов},
  media = {text},
  science = {техн. наук},
  specialitycode = {05.07.01},
  location = {Жуковский},
  institution = {ЦАГИ им. Н.Е.~Жуковского},
  date = {2017},
  pagetotal = {173},
  language = {russian},
  langid = {russian}
}


@thesis{Efremova:2018,
	author = {Ефремова, Татьяна Олеговна},
	title = {Определение характеристических элементов неструктурированной расчётной	сетки},
	media = {text},
	location = {Жуковский},
	institution = {ФАЛТ, МФТИ},
	date = {2018},
	pagetotal = {29},
	language = {russian},
	langid = {russian}
}


@docthesis{Gorobec:2015,
  author = {Горобец, Андрей Владимирович},
  title = {Параллельные технологии математического моделирования турбулентных течений на современных суперкомпьютерах},
  media = {text},
  science = {физ.-мат. наук},
  specialitycode = {05.13.18},
  location = {М.},
  institution = {ИПМ им. М.В. Келдыша РАН},
  date = {2015},
  pagetotal = {226},
  language = {russian},
  langid = {russian}
}



% ГОСТ Р 7.0.11-2011, Приложение Б, Авторефераты диссертаций



% ГОСТ Р 7.0.11-2011, Приложение Б, Отчёты о научно-исследовательской работе

@book{MinObr:2015:ru,
  author = {Волков, А. В. and Босняков, С. М. and Власенко, В. В. and Трошин, А. И. and Молев С. В.},
  title = {Разработка метода LES высокого порядка точности и его тестирование},
  type = {Отчёт о научно-исследовательской работе},
  institution = {ФГУП <<ЦАГИ>> им. проф. Н.Е.~Жуковского},
  number = {AAAA-A15-115121720009-3},
  language = {russian},
  year = {2015},
  pagetotal = {260},
  langid = {russian}
}



% ГОСТ Р 7.0.11-2011, Приложение Б, Электронные ресурсы

@online{Python,
  title = {Python programming language},
  language = {english},
  url = {https://www.python.org/},
  urldate = {10.06.2020},
  langid = {english}
}


@online{CubatureRules,
  title = {Encyclopaedia of Cubature Formulas},
  language = {english},
  url = {http://nines.cs.kuleuven.be/research/ecf/},
  urldate = {10.06.2020},
  langid = {english}
}


@patent{EWT:zeus,
  author = {Михайлов, С. В.},
  authorcountry = {Россия},
  title = {Программа, реализующая зонный подход, для расчёта нестационарного обтекания вязким потоком турбулентного газа сложных аэродинамических форм, включая крыло с механизацией (ZEUS)},
  requestnumber = {2013610172},
  publicationdate = {2012-11-12},
  publication = {реестр программ для ЭВМ},
  langid = {russian}
}


@online{HPC:Lomonosov,
  title = {Суперкомпьютер <<Ломоносов>>},
  language = {russian},
  url = {https://parallel.ru/cluster/lomonosov.html},
  urldate = {14.10.2017},
  langid = {russian}
}


@online{HPC:VNIIEF,
  title = {Суперкомпьютерные технологии ФГУП <<РФЯЦ-ВНИИЭФ>>},
  language = {russian},
  url = {http://iani.unn.ru/assets/docs/РФЯЦ-ВНИИЭФ.pdf},
  urldate = {14.10.2017},
  langid = {russian}
}


@online{HPC:VNIIEF:CKP,
  title = {Центр коллективного пользования <<Вычислительный центр>>: многопроцессорные супер-ЭВМ различного класса для предоставления вычислительных услуг предприятиям Госкорпорации <<Росатом>> а также высокотехнологичным отраслям промышленности, науки и образования. ФГУП <<РФЯЦ-ВНИИЭФ>>, г.\,Саров},
  language = {russian},
  url = {http://www.vniief.ru/wps/wcm/connect/vniief/site/partnership/ckp/computing},
  urldate = {11.10.2017},
  langid = {russian}
}


@online{IDIHOM,
  title = {Project IDIHOM: Industrialisation of High-Order Methods --- A Top-Down Approach},
  language = {english},
  url = {http://www.idihom.de},
  urldate = {14.10.2017},
  langid = {english}
}


@online{IntelMPI,
  title = {Intel MPI Library: Making applications perform better on Intel architecture-based clusters with multiple fabric flexibility},
  language = {english},
  url = {https://software.intel.com/en-us/intel-mpi-library},
  urldate = {09.10.2017},
  langid = {english}
}


@online{JSON,
  title = {JSON (JavaScript Object Notation) is a lightweight data-interchange format},
  language = {english},
  url = {http://www.json.org},
  urldate = {13.09.2017},
  langid = {english}
}

@online{JSON:lib,
  title = {JSON for Modern C++},
  language = {english},
  url = {https://nlohmann.github.io/json},
  urldate = {13.09.2017},
  langid = {english}
}


@online{Lustre,
  title = {The Lustre file system is an open-source, parallel file system that supports many requirements of leadership class HPC simulation environments},
  language = {english},
  url = {http://lustre.org},
  urldate = {12.10.2017},
  langid = {english}
}


@online{MPICH,
  title = {MPICH is a high performance and widely portable implementation of the Message Passing Interface (MPI) standard},
  language = {english},
  url = {https://www.mpich.org},
  urldate = {11.10.2017},
  langid = {english}
}


@online{MVAPICH,
  title = {MVAPICH: MPI over InfiniBand, Omni-Path, Ethernet/iWARP, and RoCE},
  language = {english},
  url = {http://mvapich.cse.ohio-state.edu},
  urldate = {11.10.2017},
  langid = {english}
}


@online{OpenCL,
  title = {OpenCL (Open Computing Language) is a low-level API for heterogeneous computing that runs on CUDA-powered GPUs},
  language = {english},
  url = {https://developer.nvidia.com/opencl},
  urldate = {11.10.2017},
  langid = {english}
}


@online{OpenMPI,
  title = {Open MPI: Open Source High Performance Computing. A High Performance Message Passing Library},
  language = {english},
  url = {https://www.open-mpi.org},
  urldate = {10.06.2020},
  langid = {english}
}


@online{ParMETIS,
  title = {ParMETIS --- Parallel Graph Partitioning and Fill-reducing Matrix Ordering},
  language = {english},
  url = {http://glaros.dtc.umn.edu/gkhome/metis/parmetis/overview},
  urldate = {09.10.2017},
  langid = {english}
}


@online{SymPy,
  title = {SymPy is a Python library for symbolic mathematics},
  language = {english},
  url = {http://www.sympy.org},
  urldate = {10.06.2020},
  langid = {english}
}


@online{Gmsh,
	title = {Gmsh Reference Manual},
	language = {english},
	url = {https://gmsh.info/doc/texinfo/gmsh.html},
	urldate = {10.06.2020},
	langid = {english}
}


@online{TILDA:case:C3.5,
  title = {Problem C3.5 Direct Numerical Simulation of the Taylor--Green Vortex at \(\mathrm{Re} = 1600\)},
  language = {english},
  url = {http://www.as.dlr.de/hiocfd/case_c3.5.pdf},
  urldate = {16.10.2017},
  langid = {english}
}



% ГОСТ Р 7.0.11-2011, Приложение Б, Статьи

@article{SukumarCubatureRules:2020:en,
  author = {Jan Jaśkowiec, N. Sukumar},
  title = {High‐order cubature rules for tetrahedra},
  journaltitle = {International Journal for Numerical Methods},
  year = {2020},
  volume = {121},
  number = {11},
  pages = {2418-2436},
  language = {english},
  langid = {english}
}


@article{CylynderFlow:1994:en,
	author = {M. Hafez, A. C. B. Dimanlig},
	title = {Simulations of compressible inviscid flows over stationary and rotating cylinders},
	journaltitle = {Fluid- and Gasdynamics},
	year = {1994},
	volume = {4},
	pages = {241-249},
	language = {english},
	langid = {english}
}


@article{Tesini:2008:en,
  author = {Pietro Tesini, Francesco Bassi},
  title = {An h-Multigrid Approach for High-Order Discontinuous Galerkin Methods},
  language = {english},
  year = {2008},
  pagetotal = {127}
}


@article{Bassi:1997:en,
  author = {Francesco Bassi, Stefano Rebay},
  title = {A High-Order Accurate Discontinuous Finite Element Method for the Numerical Solution of the Compressible Navier–Stokes Equations},
  journaltitle = {Journal of Computational Physics},
  year = {1997},
  volume = {131},
  number = {2},
  pages = {267-279},
  language = {english},
  langid = {english}
}


@article{VolkovA:2010:ru,
  author = {Волков, Андрей Викторович},
  title = {Применение многосеточного подхода к решению 3D уравнений Навье--Стокса на гексаэдральных сетках методом Галеркина с разрывными базисными функциями},
  journaltitle = {Журнал вычислительной математики и математической физики},
  year = {2010},
  volume = {50},
  number = {3},
  pages = {517-531},
  language = {russian},
  langid = {russian}
}


@article{Voronov:2013:ru,
  author = {Воронов, Герман Иванович and Трущин, В. Д. and Шумилин, В. В. and Ежов, Д. В.},
  title = {Программный комплекс S-MPI для обеспечения разработки, оптимизации и выполнения высокопараллельных приложений на суперкомпьютерных кластерных системах},
  journaltitle = {Вопросы атомной науки и техники. Серия: Математическое моделирование физических процессов},
  year = {2013},
  issue = {3},
  pages = {55-60},
  language = {russian},
  langid = {russian}
}


@article{Wang:2007:en,
  author = {Wang, Z. J.},
  title = {High-order methods for the Euler and Navier--Stokes equations on unstructured grids},
  journal = {Progress in Aerospace Sciences},
  year = {2007},
  volume = {43},
  pages = {1-41},
  language = {english},
  langid = {english}
}
